% ....názov súboru je: literatura.bib
@misc{BibEntry2013May,
	year = {2013},
	month = may,
	note = {[Online; accessed 11. Nov. 2022]},
	url = {http://www.digra.org/wp-content/uploads/digital-library/07312.23426.pdf}
}
@incollection{Xu2022Jun,
	author = {Xu, Liang and Dhonnchadha, Elaine U{\ifmmode\acute{\imath}\else\'{\i}\fi} and Ward, Monica},
	title = {{User experience study of {\ifmmode\backslash\else\textbackslash\fi}}},
	booktitle = {{GameSys '22: Proceedings of the 2nd Workshop on Games Systems}},
	pages = {5--8},
	year = {2022},
	month = jun,
	isbn = {978-1-45039381-2},
	publisher = {Association for Computing Machinery},
	address = {New York, NY, USA},
	doi = {10.1145/3534085.3534339}
}
@misc{BibEntry2022May,
	year = {2022},
	month = may,
	note = {[Online; accessed 11. Nov. 2022]},
	url = {https://aclanthology.org/2022.computel-1.17.pdf}
}
@misc{BibEntry2018Jan,
	year = {2018},
	month = jan,
	note = {[Online; accessed 11. Nov. 2022]},
	url = {https://files.eric.ed.gov/fulltext/EJ1160637.pdf}
}
@article{Akkaya2016Oct,
	author = {Akkaya, Selda and G{\ifmmode\ddot{u}\else\"{u}\fi}lseren, Zabitgil},
	title = {{Game as a Positive Force in Language Learning}},
	journal = {ResearchGate},
	year = {2016},
	month = oct,
	doi = {10.5281/zenodo.4603375}
}
@misc{BibEntry2019Aug,
	year = {2019},
	month = aug,
	note = {[Online; accessed 11. Nov. 2022]},
	url = {https://assets.gov.ie/25368/018d326d9e9d4465a509508d1646e9f5.pdf}
}
@misc{BibEntry2020Oct,
	year = {2020},
	month = oct,
	note = {[Online; accessed 11. Nov. 2022]},
	url = {https://www.cso.ie/en/media/csoie/census/documents/census2011pdr/Census_2011_Highlights_Part_1_web_72dpi.pdf}
}
@misc{BibEntry2022Nov,
	year = {2022},
	month = nov,
	note = {[Online; accessed 11. Nov. 2022]},
	url = {https://ncca.ie/media/2087/gui_the_primary_classroom_esri_january_18_2012.pdf}
}
@misc{BibEntry2007Oct,
	year = {2007},
	month = oct,
	note = {[Online; accessed 11. Nov. 2022]},
	url = {http://www.lingref.com/isb/4/135ISB4.PDF}
}
@misc{BibEntry2012Dec,
	year = {2012},
	month = dec,
	note = {[Online; accessed 11. Nov. 2022]},
	url = {https://www.biziga.in/downloads/Tomlinson\%20et\%20al\%20-\%202009\%20-\%20Playing\%20to\%20Learn\%20-\%20A\%20Review\%20of\%20Physical\%20Games\%20-\%201046878109339969v1.pdf}
}
@article{Cakir2004Sep,
	author = {{\ifmmode\mbox{\c{C}}\else\c{C}\fi}akir, {\ifmmode\dot{I}\else\.{I}\fi}smail},
	title = {{Designing Activities for Young Learners in EFL Classrooms}},
	journal = {Gazi {\ifmmode\ddot{U}\else\"{U}\fi}niversitesi Gazi E{\ifmmode\breve{g}\else\u{g}\fi}itim Fak{\ifmmode\ddot{u}\else\"{u}\fi}ltesi Dergisi},
	volume = {24},
	number = {3},
	year = {2004},
	month = sep,
	url = {https://dergipark.org.tr/tr/pub/gefad/issue/6758/90890}
}
@misc{Koksal2022Nov,
	author = {K{\ifmmode\ddot{o}\else\"{o}\fi}ksal, {\relax Prof}. {\relax Dr}. Onur and Beyhan, {\ifmmode\ddot{O}\else\"{O}\fi}mer},
	title = {{Views of Turkish EFL Students with Regard to Learning Grammar with Games}},
	year = {2022},
	month = nov,
	note = {[Online; accessed 13. Nov. 2022]},
	url = {https://www.academia.edu/12695703/Views_of_Turkish_EFL_Students_with_Regard_to_Learning_Grammar_with_Games}
}
@misc{BibEntry2022Apr,
	year = {2022},
	month = apr,
	note = {[Online; accessed 13. Nov. 2022]},
	url = {https://research.sabanciuniv.edu/id/eprint/26774/1/using-games-in-the-language-classroom.pdf}
}
@article{Foster2013Aug,
	author = {Foster, Pauline and Skehan, Peter},
	title = {{Anticipating a Post-task Activity: The Effects on Accuracy, Complexity, and Fluency of Second Language Performance}},
	journal = {Canadian Modern Language Review / La revue canadienne des langues vivantes},
	volume = {69},
	number = {3},
	pages = {249--273},
	year = {2013},
	month = aug,
	issn = {1710-1131},
	publisher = {University of Toronto Press},
	doi = {10.3138/cmlr.69.3.249}
}
@article{Chaudron2006Oct,
	author = {Chaudron, Craig},
	title = {{A descriptive model of discourse in the corrective treatment of learners' errors}},
	journal = {Language Learning},
	volume = {27},
	number = {1},
	pages = {29--46},
	year = {2006},
	month = oct,
	issn = {1467-9922},
	publisher = {Wiley},
	doi = {10.1111/j.1467-1770.1977.tb00290.x}
}
@misc{BibEntry2008Sep,
	year = {2008},
	month = sep,
	note = {[Online; accessed 13. Nov. 2022]},
	url = {https://www.cs.cmu.edu/~biglou/GWAP_CACM.pdf}
}